%YAML 1.1
%TAG !u! tag:unity3d.com,2011:
--- !u!1 &6791410038424842676
GameObject:
  m_ObjectHideFlags: 0
  m_CorrespondingSourceObject: {fileID: 0}
  m_PrefabInstance: {fileID: 0}
  m_PrefabAsset: {fileID: 0}
  serializedVersion: 6
  m_Component:
  - component: {fileID: 6791410038424842679}
  - component: {fileID: 6791410038424842678}
  m_Layer: 0
  m_Name: ImageManager
  m_TagString: Untagged
  m_Icon: {fileID: 0}
  m_NavMeshLayer: 0
  m_StaticEditorFlags: 0
  m_IsActive: 1
--- !u!4 &6791410038424842679
Transform:
  m_ObjectHideFlags: 0
  m_CorrespondingSourceObject: {fileID: 0}
  m_PrefabInstance: {fileID: 0}
  m_PrefabAsset: {fileID: 0}
  m_GameObject: {fileID: 6791410038424842676}
  m_LocalRotation: {x: 0, y: 0, z: 0, w: 1}
  m_LocalPosition: {x: 0, y: 0, z: 0}
  m_LocalScale: {x: 1, y: 1, z: 1}
  m_Children: []
  m_Father: {fileID: 6791410038849408667}
  m_RootOrder: 1
  m_LocalEulerAnglesHint: {x: 0, y: 0, z: 0}
--- !u!114 &6791410038424842678
MonoBehaviour:
  m_ObjectHideFlags: 0
  m_CorrespondingSourceObject: {fileID: 0}
  m_PrefabInstance: {fileID: 0}
  m_PrefabAsset: {fileID: 0}
  m_GameObject: {fileID: 6791410038424842676}
  m_Enabled: 1
  m_EditorHideFlags: 0
  m_Script: {fileID: 11500000, guid: 38e2dfefced4a604cbe947faff5600de, type: 3}
  m_Name: 
  m_EditorClassIdentifier: 
--- !u!1 &6791410038426026933
GameObject:
  m_ObjectHideFlags: 0
  m_CorrespondingSourceObject: {fileID: 0}
  m_PrefabInstance: {fileID: 0}
  m_PrefabAsset: {fileID: 0}
  serializedVersion: 6
  m_Component:
  - component: {fileID: 6791410038426026932}
  - component: {fileID: 6791410038426026935}
  m_Layer: 0
  m_Name: InputManager
  m_TagString: Untagged
  m_Icon: {fileID: 0}
  m_NavMeshLayer: 0
  m_StaticEditorFlags: 0
  m_IsActive: 1
--- !u!4 &6791410038426026932
Transform:
  m_ObjectHideFlags: 0
  m_CorrespondingSourceObject: {fileID: 0}
  m_PrefabInstance: {fileID: 0}
  m_PrefabAsset: {fileID: 0}
  m_GameObject: {fileID: 6791410038426026933}
  m_LocalRotation: {x: 0, y: 0, z: 0, w: 1}
  m_LocalPosition: {x: 0, y: 0, z: 0}
  m_LocalScale: {x: 1, y: 1, z: 1}
  m_Children: []
  m_Father: {fileID: 6791410038849408667}
  m_RootOrder: 0
  m_LocalEulerAnglesHint: {x: 0, y: 0, z: 0}
--- !u!114 &6791410038426026935
MonoBehaviour:
  m_ObjectHideFlags: 0
  m_CorrespondingSourceObject: {fileID: 0}
  m_PrefabInstance: {fileID: 0}
  m_PrefabAsset: {fileID: 0}
  m_GameObject: {fileID: 6791410038426026933}
  m_Enabled: 1
  m_EditorHideFlags: 0
  m_Script: {fileID: 11500000, guid: 65c06695ddc736d4cacf73746392b66d, type: 3}
  m_Name: 
  m_EditorClassIdentifier: 
  currentInputPosition: {fileID: 11400000, guid: 29fb5c84b0de64848bb7112e2da6aaad,
    type: 2}
  previousInputPosition: {fileID: 11400000, guid: 45a08549c4db806429d8dcfddd5cc211,
    type: 2}
--- !u!1 &6791410038849408664
GameObject:
  m_ObjectHideFlags: 0
  m_CorrespondingSourceObject: {fileID: 0}
  m_PrefabInstance: {fileID: 0}
  m_PrefabAsset: {fileID: 0}
  serializedVersion: 6
  m_Component:
  - component: {fileID: 6791410038849408667}
  - component: {fileID: 6791410038849408666}
  m_Layer: 0
  m_Name: Managers
  m_TagString: Untagged
  m_Icon: {fileID: 0}
  m_NavMeshLayer: 0
  m_StaticEditorFlags: 0
  m_IsActive: 1
--- !u!4 &6791410038849408667
Transform:
  m_ObjectHideFlags: 0
  m_CorrespondingSourceObject: {fileID: 0}
  m_PrefabInstance: {fileID: 0}
  m_PrefabAsset: {fileID: 0}
  m_GameObject: {fileID: 6791410038849408664}
  m_LocalRotation: {x: 0, y: 0, z: 0, w: 1}
  m_LocalPosition: {x: 0, y: 0, z: 0}
  m_LocalScale: {x: 1, y: 1, z: 1}
  m_Children:
  - {fileID: 6791410038426026932}
  - {fileID: 6791410038424842679}
  m_Father: {fileID: 0}
  m_RootOrder: 0
  m_LocalEulerAnglesHint: {x: 0, y: 0, z: 0}
--- !u!114 &6791410038849408666
MonoBehaviour:
  m_ObjectHideFlags: 0
  m_CorrespondingSourceObject: {fileID: 0}
  m_PrefabInstance: {fileID: 0}
  m_PrefabAsset: {fileID: 0}
  m_GameObject: {fileID: 6791410038849408664}
  m_Enabled: 1
  m_EditorHideFlags: 0
  m_Script: {fileID: 11500000, guid: da6b0725ba327e749944de66563ceb83, type: 3}
  m_Name: 
  m_EditorClassIdentifier: 
  imageHolder: {fileID: 0}
  slideOutMenuRectTransform: {fileID: 0}
  interactionHint: {fileID: 0}
  slideOutPanelEdgeMarker: {fileID: 0}
  currentInputPosition: {fileID: 11400000, guid: 29fb5c84b0de64848bb7112e2da6aaad,
    type: 2}
  transformableImageConfigs:
  - {fileID: 11400000, guid: b04845d437aa4fc48af5da7c3e7cfa2d, type: 2}
  - {fileID: 11400000, guid: e834e9bf716f43545b28f4f18efe202b, type: 2}
  - {fileID: 11400000, guid: 79ebb948440614847bf6e2e2c07c4278, type: 2}
  - {fileID: 11400000, guid: f65b6c4b058d86446ac93b5372f3d317, type: 2}
  onUndoStackUpdated: {fileID: 11400000, guid: 22ff3f32c674c49499a9f19f76054a96, type: 2}
  onRedoStackUpdated: {fileID: 11400000, guid: db043f5d0383a3c48af7d165148d79ef, type: 2}
